@article{Koukaras2024,
AUTHOR = {Koukaras, Paraskevas and Mustapha, Akeem and Mystakidis, Aristeidis and Tjortjis, Christos},
TITLE = {Optimizing Building Short-Term Load Forecasting: A Comparative Analysis of Machine Learning Models},
JOURNAL = {Energies},
VOLUME = {17},
YEAR = {2024},
NUMBER = {6},
ARTICLE-NUMBER = {1450},
URL = {https://www.mdpi.com/1996-1073/17/6/1450},
ISSN = {1996-1073},
DOI = {10.3390/en17061450}
}

@article{Suganthi2012,
title = {Energy models for demand forecasting—A review},
journal = {Renewable and Sustainable Energy Reviews},
volume = {16},
number = {2},
pages = {1223-1240},
year = {2012},
issn = {1364-0321},
doi = {https://doi.org/10.1016/j.rser.2011.08.014},
url = {https://www.sciencedirect.com/science/article/pii/S1364032111004242},
author = {L. Suganthi and Anand A. Samuel},
keywords = {Energy models, Forecasting model, Energy demand management, Econometric models, Demand side management}
}

@article{Ghalehkhondabi2017,
author={Ghalehkhondabi, Iman
and Ardjmand, Ehsan
and Weckman, Gary R.
and Young, William A.},
title={An overview of energy demand forecasting methods published in 2005--2015},
journal={Energy Systems},
year={2017},
month={May},
day={01},
volume={8},
number={2},
pages={411-447},
issn={1868-3975},
doi={10.1007/s12667-016-0203-y},
url={https://doi.org/10.1007/s12667-016-0203-y}
}

@article{Rakpho2021,
title = {The forecasting power of economic policy uncertainty for energy demand and supply},
journal = {Energy Reports},
volume = {7},
pages = {338-343},
year = {2021},
note = {2021 6th International Conference on Advances on Clean Energy Research},
issn = {2352-4847},
doi = {https://doi.org/10.1016/j.egyr.2021.06.059},
url = {https://www.sciencedirect.com/science/article/pii/S2352484721004248},
author = {Pichayakone Rakpho and Woraphon Yamaka},
keywords = {Economic Policy Uncertainty (EPU), Demand energy, Supply energy, BVAR models}
}

@article{Pinheiro2023,
title = {Short-term electricity load forecasting—A systematic approach from system level to secondary substations},
journal = {Applied Energy},
volume = {332},
pages = {120493},
year = {2023},
issn = {0306-2619},
doi = {https://doi.org/10.1016/j.apenergy.2022.120493},
url = {https://www.sciencedirect.com/science/article/pii/S0306261922017500},
author = {Marco G. Pinheiro and Sara C. Madeira and Alexandre P. Francisco},
keywords = {Load forecasting, System level, Secondary substations, Ensemble model, Generalized additive models, Interpretable models}
}

@article{Ahmad2018,
title = {Potential of three variant machine-learning models for forecasting district level medium-term and long-term energy demand in smart grid environment},
journal = {Energy},
volume = {160},
pages = {1008-1020},
year = {2018},
issn = {0360-5442},
doi = {https://doi.org/10.1016/j.energy.2018.07.084},
url = {https://www.sciencedirect.com/science/article/pii/S0360544218313811},
author = {Tanveer Ahmad and Huanxin Chen},
keywords = {ANN-NAEMI, MLRM, AdaBoost, Energy prediction, Machine learning models}
}

@article{Klyuev2022,
AUTHOR = {Klyuev, Roman V. and Morgoev, Irbek D. and Morgoeva, Angelika D. and Gavrina, Oksana A. and Martyushev, Nikita V. and Efremenkov, Egor A. and Mengxu, Qi},
TITLE = {Methods of Forecasting Electric Energy Consumption: A Literature Review},
JOURNAL = {Energies},
VOLUME = {15},
YEAR = {2022},
NUMBER = {23},
ARTICLE-NUMBER = {8919},
URL = {https://www.mdpi.com/1996-1073/15/23/8919},
ISSN = {1996-1073},
DOI = {10.3390/en15238919}
}

@misc{AEMO2022,
author = {Australian Energy Market Operator},
year = {2022},
title = {Forecasting Approach – Electricity Demand Forecasting Methodology},
url = {https://aemo.com.au/-/media/files/electricity/nem/planning_and_forecasting/nem_esoo/2022/forecasting-approach-electricity-demand-forecasting-methodology.pdf},
note = {Accessed 16 March 2025}
}

@article{Deng2022,
title = {Bagging–XGBoost algorithm based extreme weather identification and short-term load forecasting model},
journal = {Energy Reports},
volume = {8},
pages = {8661-8674},
year = {2022},
issn = {2352-4847},
doi = {https://doi.org/10.1016/j.egyr.2022.06.072},
url = {https://www.sciencedirect.com/science/article/pii/S2352484722012124},
author = {Xuzhi Deng and Aoshuang Ye and Jiashi Zhong and Dong Xu and Wangwang Yang and Zhaofang Song and Zitong Zhang and Jing Guo and Tao Wang and Yifan Tian and Hongguang Pan and Zhijing Zhang and Hui Wang and Chen Wu and Jiajia Shao and Xiaoyi Chen},
keywords = {Ensemble learning, Extreme weather identification, Mutual information, Short-term load forecasting, XGBoost}
}

@article{Divina2019,
AUTHOR = {Divina, Federico and García Torres, Miguel and Goméz Vela, Francisco A. and Vázquez Noguera, José Luis},
TITLE = {A Comparative Study of Time Series Forecasting Methods for Short Term Electric Energy Consumption Prediction in Smart Buildings},
JOURNAL = {Energies},
VOLUME = {12},
YEAR = {2019},
NUMBER = {10},
ARTICLE-NUMBER = {1934},
URL = {https://www.mdpi.com/1996-1073/12/10/1934},
ISSN = {1996-1073},
DOI = {10.3390/en12101934}
}

@article{Mystakidis2024,
AUTHOR = {Mystakidis, Aristeidis and Koukaras, Paraskevas and Tsalikidis, Nikolaos and Ioannidis, Dimosthenis and Tjortjis, Christos},
TITLE = {Energy Forecasting: A Comprehensive Review of Techniques and Technologies},
JOURNAL = {Energies},
VOLUME = {17},
YEAR = {2024},
NUMBER = {7},
ARTICLE-NUMBER = {1662},
URL = {https://www.mdpi.com/1996-1073/17/7/1662},
ISSN = {1996-1073},
DOI = {10.3390/en17071662}
}

@article{Liu2021,
title = {Temperature change and electricity consumption of the group living: A case study of college students},
journal = {Science of The Total Environment},
volume = {781},
pages = {146574},
year = {2021},
issn = {0048-9697},
doi = {https://doi.org/10.1016/j.scitotenv.2021.146574},
url = {https://www.sciencedirect.com/science/article/pii/S0048969721016429},
author = {Xiao-Qiao Liu and Chen Zhang and Yi Zhou and Hua Liao},
keywords = {Extreme temperature, Electricity consumption, Climate change, Dwelling condition}
}

@article { Anel2021,
      author = "Juan A. Añel and Celia Pérez-Souto and Susana Bayo-Besteiro and Luis Prieto-Godino and Hannah Bloomfield and Alberto Troccoli and Laura de and la Torre",
      title = "Extreme Weather Events and the Energy Sector in 2021",
      journal = "Weather, Climate, and Society",
      year = "2024",
      publisher = "American Meteorological Society",
      address = "Boston MA, USA",
      volume = "16",
      number = "3",
      doi = "10.1175/WCAS-D-23-0115.1",
      pages=      "353 - 368",
      url = "https://journals.ametsoc.org/view/journals/wcas/16/3/WCAS-D-23-0115.1.xml"
}

@article{Maia-Silva2020,
author={Maia-Silva, Debora
and Kumar, Rohini
and Nateghi, Roshanak},
title={The critical role of humidity in modeling summer electricity demand across the United States},
journal={Nature Communications},
year={2020},
month={Apr},
day={03},
volume={11},
number={1},
pages={1686},
issn={2041-1723},
doi={10.1038/s41467-020-15393-8},
url={https://doi.org/10.1038/s41467-020-15393-8}
}


@article{Singh2018,
AUTHOR = {Singh, Shailendra and Yassine, Abdulsalam},
TITLE = {Big Data Mining of Energy Time Series for Behavioral Analytics and Energy Consumption Forecasting},
JOURNAL = {Energies},
VOLUME = {11},
YEAR = {2018},
NUMBER = {2},
ARTICLE-NUMBER = {452},
URL = {https://www.mdpi.com/1996-1073/11/2/452},
ISSN = {1996-1073},
DOI = {10.3390/en11020452}
}

@article{Boroojeni2017,
title = {A novel multi-time-scale modeling for electric power demand forecasting: From short-term to medium-term horizon},
journal = {Electric Power Systems Research},
volume = {142},
pages = {58-73},
year = {2017},
issn = {0378-7796},
doi = {https://doi.org/10.1016/j.epsr.2016.08.031},
url = {https://www.sciencedirect.com/science/article/pii/S0378779616303352},
author = {Kianoosh G. Boroojeni and M. Hadi Amini and Shahab Bahrami and S.S. Iyengar and Arif I. Sarwat and Orkun Karabasoglu},
keywords = {Autoregressive model, Moving-average model, Time-series forecasting, Electric power demand forecast, Akaike information criterion, Bayesian information criterion}
}

@ARTICLE{Papalexopoulos1990,
author={Papalexopoulos, A.D. and Hesterberg, T.C.},
journal={IEEE Transactions on Power Systems},
title={A regression-based approach to short-term system load forecasting},
year={1990},
volume={5},
number={4},
pages={1535-1547},
keywords={Load forecasting,Predictive models,Economic forecasting,Power system control,Power systems,Load flow,Power system security,Load modeling,Parameter estimation,Power system modeling},
doi={10.1109/59.99410}
}

@article{Ertugrul2021,
author={Ertu{\u{g}}rul, {\"O}mer Faruk
and Tekin, Hazret
and Tekin, Ramazan},
title={A novel regression method in forecasting short-term grid electricity load in buildings that were connected to the smart grid},
journal={Electrical Engineering},
year={2021},
month={Feb},
day={01},
volume={103},
number={1},
pages={717-728},
issn={1432-0487},
doi={10.1007/s00202-020-01114-3},
url={https://doi.org/10.1007/s00202-020-01114-3}
}

@article{Tarmanini2023,
title = {Short term load forecasting based on ARIMA and ANN approaches},
journal = {Energy Reports},
volume = {9},
pages = {550-557},
year = {2023},
note = {2022 The 3rd International Conference on Power, Energy and Electrical Engineering},
issn = {2352-4847},
doi = {https://doi.org/10.1016/j.egyr.2023.01.060},
url = {https://www.sciencedirect.com/science/article/pii/S2352484723000653},
author = {Chafak Tarmanini and Nur Sarma and Cenk Gezegin and Okan Ozgonenel},
keywords = {Artificial Neural Network (ANN), Auto Regressive Integrated Moving Average (ARIMA), Smart grid, Short time load forecasting (STLF), Storage device}
}

@article{Ediger2007,
title = {ARIMA forecasting of primary energy demand by fuel in Turkey},
journal = {Energy Policy},
volume = {35},
number = {3},
pages = {1701-1708},
year = {2007},
issn = {0301-4215},
doi = {https://doi.org/10.1016/j.enpol.2006.05.009},
url = {https://www.sciencedirect.com/science/article/pii/S0301421506002291},
author = {Volkan Ş. Ediger and Sertaç Akar},
keywords = {Primary energy demand, ARIMA forecasting, Turkey}
}

@article{Ardakani2014,
title = {Long-term electrical energy consumption forecasting for developing and developed economies based on different optimized models and historical data types},
journal = {Energy},
volume = {65},
pages = {452-461},
year = {2014},
issn = {0360-5442},
doi = {https://doi.org/10.1016/j.energy.2013.12.031},
url = {https://www.sciencedirect.com/science/article/pii/S0360544213010888},
author = {F.J. Ardakani and M.M. Ardehali},
keywords = {Historical data type, Electrical energy consumption, Long-term forecasting}
}


@article{Kopyt2024,
AUTHOR = {Kopyt, Marcin and Piotrowski, Paweł and Baczyński, Dariusz},
TITLE = {Short-Term Energy Generation Forecasts at a Wind Farm—A Multi-Variant Comparison of the Effectiveness and Performance of Various Gradient-Boosted Decision Tree Models},
JOURNAL = {Energies},
VOLUME = {17},
YEAR = {2024},
NUMBER = {23},
ARTICLE-NUMBER = {6194},
URL = {https://www.mdpi.com/1996-1073/17/23/6194},
ISSN = {1996-1073},
DOI = {10.3390/en17236194}
}

@article{Wang2018,
AUTHOR = {Wang, Jidong and Li, Peng and Ran, Ran and Che, Yanbo and Zhou, Yue},
TITLE = {A Short-Term Photovoltaic Power Prediction Model Based on the Gradient Boost Decision Tree},
JOURNAL = {Applied Sciences},
VOLUME = {8},
YEAR = {2018},
NUMBER = {5},
ARTICLE-NUMBER = {689},
URL = {https://www.mdpi.com/2076-3417/8/5/689},
ISSN = {2076-3417},
DOI = {10.3390/app8050689}
}

@article{Manno2022,
AUTHOR = {Manno, Andrea and Martelli, Emanuele and Amaldi, Edoardo},
TITLE = {A Shallow Neural Network Approach for the Short-Term Forecast of Hourly Energy Consumption},
JOURNAL = {Energies},
VOLUME = {15},
YEAR = {2022},
NUMBER = {3},
ARTICLE-NUMBER = {958},
URL = {https://www.mdpi.com/1996-1073/15/3/958},
ISSN = {1996-1073},
DOI = {10.3390/en15030958}
}

@Article{Kuo2018,
AUTHOR = {Kuo, Ping-Huan and Huang, Chiou-Jye},
TITLE = {A High Precision Artificial Neural Networks Model for Short-Term Energy Load Forecasting},
JOURNAL = {Energies},
VOLUME = {11},
YEAR = {2018},
NUMBER = {1},
ARTICLE-NUMBER = {213},
URL = {https://www.mdpi.com/1996-1073/11/1/213},
ISSN = {1996-1073},
DOI = {10.3390/en11010213}
}

@article{Ahmad2014,
title = {A review on applications of ANN and SVM for building electrical energy consumption forecasting},
journal = {Renewable and Sustainable Energy Reviews},
volume = {33},
pages = {102-109},
year = {2014},
issn = {1364-0321},
doi = {https://doi.org/10.1016/j.rser.2014.01.069},
url = {https://www.sciencedirect.com/science/article/pii/S1364032114000914},
author = {A.S. Ahmad and M.Y. Hassan and M.P. Abdullah and H.A. Rahman and F. Hussin and H. Abdullah and R. Saidur},
keywords = {Forecasting, Building energy consumption, Artificial Neural Networks, GMDH, LSSVM}
}

@Article{Ahmad2020,
AUTHOR = {Ahmad, Waqas and Ayub, Nasir and Ali, Tariq and Irfan, Muhammad and Awais, Muhammad and Shiraz, Muhammad and Glowacz, Adam},
TITLE = {Towards Short Term Electricity Load Forecasting Using Improved Support Vector Machine and Extreme Learning Machine},
JOURNAL = {Energies},
VOLUME = {13},
YEAR = {2020},
NUMBER = {11},
ARTICLE-NUMBER = {2907},
URL = {https://www.mdpi.com/1996-1073/13/11/2907},
ISSN = {1996-1073},
DOI = {10.3390/en13112907}
}

@InProceedings{Abbasi2019,
author={Abbasi, Raza Abid
and Javaid, Nadeem
and Ghuman, Muhammad Nauman Javid
and Khan, Zahoor Ali
and Ur Rehman, Shujat
and Amanullah},
editor={Barolli, Leonard
and Takizawa, Makoto
and Xhafa, Fatos
and Enokido, Tomoya},
title={Short Term Load Forecasting Using XGBoost},
booktitle={Web, Artificial Intelligence and Network Applications},
year={2019},
publisher={Springer International Publishing},
address={Cham},
pages={1120--1131},
doi={ https://doi.org/10.1007/978-3-030-15035-8_108}
}

@Article{Savic2014,
author={Savi{\'{c}}, Stevan
and Selakov, Aleksandar
and Milo{\v{s}}evi{\'{c}}, Dragan},
title={Cold and warm air temperature spells during the winter and summer seasons and their impact on energy consumption in urban areas},
journal={Natural Hazards},
year={2014},
month={Sep},
day={01},
volume={73},
number={2},
pages={373-387},
issn={1573-0840},
doi={10.1007/s11069-014-1074-y},
url={https://doi.org/10.1007/s11069-014-1074-y}
}

@InProceedings{Andronikos2023,
author={Andronikos, Achilleas
and Tzelepi, Maria
and Tefas, Anastasios},
editor={Iliadis, Lazaros
and Maglogiannis, Ilias
and Alonso, Serafin
and Jayne, Chrisina
and Pimenidis, Elias},
title={Residual Error Learning for Electricity Demand Forecasting},
booktitle={Engineering Applications of Neural Networks},
year={2023},
publisher={Springer Nature Switzerland},
address={Cham},
pages={391--402},
isbn={978-3-031-34204-2}
}

@article{Amara2019,
title = {A residual load modeling approach for household short-term load forecasting application},
journal = {Energy and Buildings},
volume = {187},
pages = {132-143},
year = {2019},
issn = {0378-7788},
doi = {https://doi.org/10.1016/j.enbuild.2019.01.009},
url = {https://www.sciencedirect.com/science/article/pii/S0378778818309228},
author = {Fatima Amara and Kodjo Agbossou and Yves Dubé and Sousso Kelouwani and Alben Cardenas and Sayed Saeed Hosseini},
keywords = {Electric load forecasting, Residual demand modeling, Daily electricity usage, Kernel density, Occupant behavior modeling}
}

@article{Zhang2022,
title = {Extreme temperatures and residential electricity consumption: Evidence from Chinese households},
journal = {Energy Economics},
volume = {107},
pages = {105890},
year = {2022},
issn = {0140-9883},
doi = {https://doi.org/10.1016/j.eneco.2022.105890},
url = {https://www.sciencedirect.com/science/article/pii/S014098832200072X},
author = {Shaohui Zhang and Qinxin Guo and Russell Smyth and Yao Yao}
}